<record><leader>00000cas a2200000 a 4500</leader><controlfield tag="001">17544631</controlfield><controlfield tag="008">880226d19351937wauwr ne      0    0eng d</controlfield><datafield ind1=" " ind2=" " tag="010"><subfield code="a">sn 88085550 </subfield></datafield><datafield ind1=" " ind2=" " tag="040"><subfield code="a">SLZ</subfield><subfield code="b">eng</subfield><subfield code="c">SLZ</subfield><subfield code="d">OCL</subfield><subfield code="d">OCLCQ</subfield><subfield code="d">OCLCF</subfield><subfield code="d">OCLCO</subfield></datafield><datafield ind1="1" ind2=" " tag="029"><subfield code="a">AU@</subfield><subfield code="b">000025820127</subfield></datafield><datafield ind1=" " ind2=" " tag="042"><subfield code="a">msc</subfield></datafield><datafield ind1=" " ind2=" " tag="043"><subfield code="a">n-us-wa</subfield></datafield><datafield ind1="0" ind2="0" tag="245"><subfield code="a">Centralia chronicle advertiser.</subfield></datafield><datafield ind1=" " ind2=" " tag="260"><subfield code="a">Centralia, Wash. :</subfield><subfield code="b">Centralia Chronicle Pub. Co.</subfield></datafield><datafield ind1=" " ind2=" " tag="300"><subfield code="a">v.</subfield></datafield><datafield ind1=" " ind2=" " tag="310"><subfield code="a">Weekly</subfield></datafield><datafield ind1="1" ind2=" " tag="362"><subfield code="a">Began in 1935; ceased in 1937.</subfield></datafield><datafield ind1=" " ind2=" " tag="580"><subfield code="a">"Contains only a portion of the news and advertising of the Centralia Daily Chronicle."</subfield></datafield><datafield ind1=" " ind2=" " tag="588"><subfield code="a">Description based on: No. 103 (June 7, 1935).</subfield></datafield><datafield ind1=" " ind2="0" tag="651"><subfield code="a">Centralia (Wash.)</subfield><subfield code="v">Newspapers.</subfield></datafield><datafield ind1=" " ind2="7" tag="655"><subfield code="a">Newspapers.</subfield><subfield code="2">fast</subfield><subfield code="0">(OCoLC)fst01423814</subfield></datafield><datafield ind1=" " ind2="7" tag="651"><subfield code="a">Washington (State)</subfield><subfield code="z">Centralia.</subfield><subfield code="2">fast</subfield><subfield code="0">(OCoLC)fst01221229</subfield></datafield><datafield ind1=" " ind2=" " tag="752"><subfield code="a">United States</subfield><subfield code="b">Washington</subfield><subfield code="c">Lewis</subfield><subfield code="d">Centralia.</subfield></datafield><datafield ind1="1" ind2=" " tag="787"><subfield code="t">Centralia daily chronicle (Centralia, Wash.)</subfield><subfield code="w">(DLC)sn 88085042</subfield></datafield></record>